@article{abraham2017revisiting,
  title = {Revisiting fast practical byzantine fault tolerance},
  author = {Abraham, Ittai and Gueta, Guy and Malkhi, Dahlia and Alvisi, Lorenzo and Kotla, Rama and Martin, Jean-Philippe},
  journal = {arXiv preprint arXiv:1712.01367},
  year = {2017}
}

@article{aguilera2011dynamic,
  title = {Dynamic atomic storage without consensus},
  author = {Aguilera, Marcos K and Keidar, Idit and Malkhi, Dahlia and Shraer, Alexander},
  journal = {Journal of the ACM (JACM)},
  volume = {58},
  number = {2},
  pages = {1--32},
  year = {2011},
  publisher = {ACM New York, NY, USA}
}

@article{ailijiang2019wpaxos,
  title = {WPaxos: Wide Area Network Flexible Consensus},
  author = {Ailijiang, Ailidani and Charapko, Aleksey and Demirbas, Murat and Kosar, Tevfik},
  journal = {IEEE Transactions on Parallel and Distributed Systems},
  year = {2019},
  publisher = {IEEE}
}

@inproceedings{alvaro2011consistency,
  title = {Consistency Analysis in Bloom: a CALM and Collected Approach.},
  author = {Alvaro, Peter and Conway, Neil and Hellerstein, Joseph M and Marczak, William R},
  booktitle = {CIDR},
  pages = {249--260},
  year = {2011},
  organization = {Citeseer}
}

@inproceedings{anonymous2020bipartisan,
  title = {Bipartisan Paxos: A Modular State Machine Replication Protocol},
  author = {Anonymous},
  booktitle = {17th USENIX Symposium on Networked Systems Design and Implementation (NSDI 20)},
  year = {Under review}
}

@inproceedings{arun2017speeding,
  title = {Speeding up consensus by chasing fast decisions},
  author = {Arun, Balaji and Peluso, Sebastiano and Palmieri, Roberto and Losa, Giuliano and Ravindran, Binoy},
  booktitle = {2017 47th Annual IEEE/IFIP International Conference on Dependable Systems and Networks (DSN)},
  pages = {49--60},
  year = {2017},
  organization = {IEEE}
}

@inproceedings{arun2017speeding,
  title = {Speeding up Consensus by Chasing Fast Decisions},
  author = {Arun, Balaji and Peluso, Sebastiano and Palmieri, Roberto and Losa, Giuliano and Ravindran, Binoy},
  booktitle = {Dependable Systems and Networks (DSN), 2017 47th Annual IEEE/IFIP International Conference on},
  pages = {49--60},
  year = {2017},
  organization = {IEEE}
}

@inproceedings{atikoglu2012,
  title = {Workload analysis of a large-scale key-value store},
  author = {Atikoglu, Berk and Xu, Yuehai and Frachtenberg, Eitan and Jiang, Song and Paleczny, Mike},
  booktitle = {ACM SIGMETRICS Performance Evaluation Review},
  year = {2012},
  pages = {53--64}
}

@inproceedings{baker2011megastore,
  title = {Megastore: Providing scalable, highly available storage for interactive services},
  author = {Baker, Jason and Bond, Chris and Corbett, James C and Furman, JJ and Khorlin, Andrey and Larson, James and Leon, Jean-Michel and Li, Yawei and Lloyd, Alexander and Yushprakh, Vadim},
  booktitle = {CIDR},
  volume = {11},
  pages = {223--234},
  year = {2011}
}

@inproceedings{balakrishnan2012corfu,
  title = {{CORFU}: A Shared Log Design for Flash Clusters},
  author = {Balakrishnan, Mahesh and Malkhi, Dahlia and Prabhakaran, Vijayan and Wobbler, Ted and Wei, Michael and Davis, John D},
  booktitle = {Presented as part of the 9th {USENIX} Symposium on Networked Systems Design and Implementation ({NSDI} 12)},
  pages = {1--14},
  year = {2012}
}

@inproceedings{behl2015consensus,
  title = {Consensus-oriented parallelization: How to earn your first million},
  author = {Behl, Johannes and Distler, Tobias and Kapitza, R{\"u}diger},
  booktitle = {Proceedings of the 16th Annual Middleware Conference},
  pages = {173--184},
  year = {2015},
  organization = {ACM}
}

@inproceedings{bezerra2014scalable,
  title = {Scalable state-machine replication},
  author = {Bezerra, Carlos Eduardo and Pedone, Fernando and Van Renesse, Robbert},
  booktitle = {2014 44th Annual IEEE/IFIP International Conference on Dependable Systems and Networks},
  pages = {331--342},
  year = {2014},
  organization = {IEEE}
}

@inproceedings{biely2012s,
  title = {S-paxos: Offloading the leader for high throughput state machine replication},
  author = {Biely, Martin and Milosevic, Zarko and Santos, Nuno and Schiper, Andre},
  booktitle = {2012 IEEE 31st Symposium on Reliable Distributed Systems},
  pages = {111--120},
  year = {2012},
  organization = {IEEE}
}

@inproceedings{biely2012s,
  title = {S-paxos: Offloading the leader for high throughput state machine replication},
  author = {Biely, Martin and Milosevic, Zarko and Santos, Nuno and Schiper, Andre},
  booktitle = {Reliable Distributed Systems (SRDS), 2012 IEEE 31st Symposium on},
  pages = {111--120},
  year = {2012},
  organization = {IEEE}
}

@inproceedings{burrows2006chubby,
  author = {Burrows, Mike},
  title = {The Chubby Lock Service for Loosely-Coupled Distributed Systems},
  year = {2006},
  isbn = {1931971471},
  publisher = {USENIX Association},
  address = {USA},
  booktitle = {Proceedings of the 7th Symposium on Operating Systems Design and Implementation},
  pages = {335–350},
  numpages = {16},
  location = {Seattle, Washington},
  series = {OSDI ’06}
}

@misc{cassandra2019website,
  title = {Lightweight transactions in Cassandra 2.0},
  howpublished = {\url{https://www.datastax.com/blog/2013/07/lightweight-transactions-cassandra-20}},
  note = {Accessed: 2019-10-21}
}

@inproceedings{chandra2007paxos,
  author = {Chandra, Tushar D. and Griesemer, Robert and Redstone, Joshua},
  title = {Paxos Made Live: An Engineering Perspective},
  year = {2007},
  isbn = {9781595936165},
  publisher = {Association for Computing Machinery},
  address = {New York, NY, USA},
  url = {https://doi.org/10.1145/1281100.1281103},
  doi = {10.1145/1281100.1281103},
  booktitle = {Proceedings of the Twenty-Sixth Annual ACM Symposium on Principles of Distributed Computing},
  pages = {398–407},
  numpages = {10},
  keywords = {Paxos, implementation, experiences, fault-tolerance},
  location = {Portland, Oregon, USA},
  series = {PODC ’07}
}

@inproceedings{chandra2007paxos,
  title = {Paxos made live: an engineering perspective},
  author = {Chandra, Tushar D and Griesemer, Robert and Redstone, Joshua},
  booktitle = {Proceedings of the twenty-sixth annual ACM symposium on Principles of distributed computing},
  pages = {398--407},
  year = {2007},
  organization = {ACM}
}

@inproceedings{charapko2019linearizable,
  title = {Linearizable quorum reads in Paxos},
  author = {Charapko, Aleksey and Ailijiang, Ailidani and Demirbas, Murat},
  booktitle = {11th {USENIX} Workshop on Hot Topics in Storage and File Systems (HotStorage 19)},
  year = {2019}
}

@inproceedings{chrysafis2019foundationdb,
  title = {FoundationDB Record Layer: A Multi-Tenant Structured Datastore},
  author = {Chrysafis, Christos and Collins, Ben and Dugas, Scott and Dunkelberger, Jay and Ehsan, Moussa and Gray, Scott and Grieser, Alec and Herrnstadt, Ori and Lev-Ari, Kfir and Lin, Tao and others},
  booktitle = {Proceedings of the 2019 International Conference on Management of Data},
  pages = {1787--1802},
  year = {2019}
}

@misc{cockroach2019website,
  title = {CockroachDB Replication Layer},
  howpublished = {\url{https://www.cockroachlabs.com/docs/stable/architecture/replication-layer.html}},
  note = {Accessed: 2019-10-21}
}

@misc{cockroach2020,
  author = {Cockroach Labs},
  title = {Cockroach{DB}},
  howpublished = {\url{https://www.cockroachlabs.com/}},
  note = {accessed: 2020-03-01}
}

@article{corbett2013spanner,
  title = {Spanner: Google’s globally distributed database},
  author = {Corbett, James C and Dean, Jeffrey and Epstein, Michael and Fikes, Andrew and Frost, Christopher and Furman, Jeffrey John and Ghemawat, Sanjay and Gubarev, Andrey and Heiser, Christopher and Hochschild, Peter and others},
  journal = {ACM Transactions on Computer Systems (TOCS)},
  volume = {31},
  number = {3},
  pages = {1--22},
  year = {2013},
  publisher = {ACM New York, NY, USA}
}

@misc{cosmos2019website,
  title = {Global data distribution with Azure Cosmos DB - under the hood},
  howpublished = {\url{https://docs.microsoft.com/en-us/azure/cosmos-db/global-dist-under-the-hood}},
  note = {Accessed: 2019-10-21}
}

@misc{epaxos2019blog,
  title = {Experience with ePaxos: Systems Research using Go},
  howpublished = {\url{https://da-data.blogspot.com/2013/10/experience-with-epaxos-systems-research.html}},
  note = {Accessed: 2019-10-21}
}

@article{fischer1982impossibility,
  author = {Michael J. Fischer and Nancy A. Lynch and Mike Paterson},
  title = {Impossibility of Distributed Consensus with One Faulty Process},
  journal = {J. {ACM}},
  volume = {32},
  number = {2},
  pages = {374--382},
  year = {1985},
  url = {http://doi.acm.org/10.1145/3149.214121},
  doi = {10.1145/3149.214121},
  timestamp = {Thu, 26 Jan 2012 17:31:31 +0100},
  biburl = {https://dblp.org/rec/bib/journals/jacm/FischerLP85},
  bibsource = {dblp computer science bibliography, https://dblp.org}
}

@article{ghemawat2003google,
  title = {The Google file system},
  author = {Ghemawat, Sanjay and Gobioff, Howard and Leung, Shun-Tak},
  year = {2003}
}

@article{hellerstein2019keeping,
  title = {Keeping CALM: When Distributed Consistency is Easy},
  author = {Hellerstein, Joseph M and Alvaro, Peter},
  journal = {arXiv preprint arXiv:1901.01930},
  year = {2019}
}

@article{herlihy1990linearizability,
  title = {Linearizability: A correctness condition for concurrent objects},
  author = {Herlihy, Maurice P and Wing, Jeannette M},
  journal = {ACM Transactions on Programming Languages and Systems (TOPLAS)},
  volume = {12},
  number = {3},
  pages = {463--492},
  year = {1990},
  publisher = {ACM New York, NY, USA}
}

@inproceedings{howard2016flexible,
  author = {Heidi Howard and Dahlia Malkhi and Alexander Spiegelman},
  title = {{Flexible Paxos: Quorum Intersection Revisited}},
  booktitle = {20th International Conference on Principles of Distributed Systems (OPODIS 2016)},
  pages = {25:1--25:14},
  series = {Leibniz International Proceedings in Informatics (LIPIcs)},
  isbn = {978-3-95977-031-6},
  issn = {1868-8969},
  year = {2017},
  volume = {70},
  editor = {Panagiota Fatourou and Ernesto Jim{\'e}nez and Fernando Pedone},
  publisher = {Schloss Dagstuhl--Leibniz-Zentrum fuer Informatik},
  address = {Dagstuhl, Germany},
  url = {http://drops.dagstuhl.de/opus/volltexte/2017/7094},
  urn = {urn:nbn:de:0030-drops-70947},
  doi = {10.4230/LIPIcs.OPODIS.2016.25},
  annote = {Keywords: Paxos, Distributed Consensus, Quorums}
}

@inproceedings{howard2017flexible,
  title = {Flexible Paxos: Quorum Intersection Revisited},
  author = {Howard, Heidi and Malkhi, Dahlia and Spiegelman, Alexander},
  booktitle = {20th International Conference on Principles of Distributed Systems (OPODIS 2016)},
  year = {2017},
  organization = {Schloss Dagstuhl-Leibniz-Zentrum fuer Informatik}
}

@inproceedings{howard2017flexible,
  title = {Flexible Paxos: Quorum Intersection Revisited},
  author = {Howard, Heidi and Malkhi, Dahlia and Spiegelman, Alexander},
  booktitle = {20th International Conference on Principles of Distributed Systems (OPODIS 2016)},
  year = {2017},
  organization = {Schloss Dagstuhl-Leibniz-Zentrum fuer Informatik}
}

@PhDThesis{howard2019distributed,
  title = {Distributed consensus revised},
  author = {Howard, Heidi},
  year = {2019},
  school = {University of Cambridge}
}

@article{howard2019generalised,
  title = {A Generalised Solution to Distributed Consensus},
  author = {Howard, Heidi and Mortier, Richard},
  journal = {arXiv preprint arXiv:1902.06776},
  year = {2019}
}

@inproceedings{hunt2010zookeeper,
  title = {ZooKeeper: Wait-free Coordination for Internet-scale Systems.},
  author = {Hunt, Patrick and Konar, Mahadev and Junqueira, Flavio Paiva and Reed, Benjamin},
  booktitle = {USENIX annual technical conference},
  volume = {8},
  number = {9},
  year = {2010},
  organization = {Boston, MA, USA}
}

@inproceedings{kapritsos2010scalable,
  title = {Scalable Agreement: Toward Ordering as a Service.},
  author = {Kapritsos, Manos and Junqueira, Flavio Paiva},
  booktitle = {HotDep},
  year = {2010}
}

@inproceedings{kotla2007zyzzyva,
  title = {Zyzzyva: speculative byzantine fault tolerance},
  author = {Kotla, Ramakrishna and Alvisi, Lorenzo and Dahlin, Mike and Clement, Allen and Wong, Edmund},
  booktitle = {ACM SIGOPS Operating Systems Review},
  volume = {41},
  number = {6},
  pages = {45--58},
  year = {2007},
  organization = {ACM}
}

@inproceedings{kraska2013mdcc,
  title = {MDCC: Multi-data center consistency},
  author = {Kraska, Tim and Pang, Gene and Franklin, Michael J and Madden, Samuel and Fekete, Alan},
  booktitle = {Proceedings of the 8th ACM European Conference on Computer Systems},
  pages = {113--126},
  year = {2013}
}

@misc{kubernetes2020,
  author = {Kubernetes},
  title = {Kubernetes},
  howpublished = {\url{https://kubernetes.io}},
  note = {accessed: 2020-03-01}
}

@article{lamport1998part,
  title = {The part-time parliament},
  author = {Lamport, Leslie},
  journal = {ACM Transactions on Computer Systems (TOCS)},
  volume = {16},
  number = {2},
  pages = {133--169},
  year = {1998},
  publisher = {ACM}
}

@article{lamport2001paxos,
  title = {Paxos Made Simple},
  author = {Lamport, Leslie},
  year = {2001}
}

@inproceedings{lamport2004cheap,
  title = {Cheap paxos},
  author = {Lamport, Leslie and Massa, Mike},
  booktitle = {International Conference on Dependable Systems and Networks, 2004},
  pages = {307--314},
  year = {2004},
  organization = {IEEE}
}

@article{lamport2005generalized,
  title = {Generalized consensus and paxos},
  author = {Lamport, Leslie},
  year = {2005},
  publisher = {Technical Report MSR-TR-2005-33, Microsoft Research}
}

@article{lamport2005generalized,
  title = {Generalized consensus and Paxos},
  author = {Lamport, Leslie},
  year = {2005},
  publisher = {Technical Report MSR-TR-2005-33, Microsoft Research}
}

@article{lamport2006fast,
  title = {Fast paxos},
  author = {Lamport, Leslie},
  journal = {Distributed Computing},
  volume = {19},
  number = {2},
  pages = {79--103},
  year = {2006},
  publisher = {Springer}
}

@article{lamport2006fast,
  title = {Fast paxos},
  author = {Lamport, Leslie},
  journal = {Distributed Computing},
  volume = {19},
  number = {2},
  pages = {79--103},
  year = {2006},
  publisher = {Springer}
}

@article{lamport2006fast,
  title = {Fast paxos},
  author = {Lamport, Leslie},
  journal = {Distributed Computing},
  volume = {19},
  number = {2},
  pages = {79--103},
  year = {2006},
  publisher = {Springer}
}

@article{lamport2006lower,
  title = {Lower bounds for asynchronous consensus},
  author = {Lamport, Leslie},
  journal = {Distributed Computing},
  volume = {19},
  number = {2},
  pages = {104--125},
  year = {2006},
  publisher = {Springer}
}

@article{lamport2008stoppable,
  title = {Stoppable paxos},
  author = {Lamport, Leslie and Malkhi, Dahlia and Zhou, Lidong},
  journal = {TechReport, Microsoft Research},
  year = {2008}
}

@article{lamport2009vertical,
  title = {Vertical Paxos and Primary-Backup Replication},
  author = {Lamport, Leslie and Malkhi, Dahlia and Zhou, Lidong},
  year = {2009}
}

@article{lamport2010reconfiguring,
  title = {Reconfiguring a state machine.},
  author = {Lamport, Leslie and Malkhi, Dahlia and Zhou, Lidong},
  journal = {SIGACT News},
  volume = {41},
  number = {1},
  pages = {63--73},
  year = {2010}
}

@article{lamport2010reconfiguring,
  title = {Reconfiguring a state machine.},
  author = {Lamport, Leslie and Malkhi, Dahlia and Zhou, Lidong},
  journal = {SIGACT News},
  volume = {41},
  number = {1},
  pages = {63--73},
  year = {2010}
}

@inproceedings{lampson2001abcd,
  title = {The ABCD's of Paxos},
  author = {Lampson, Butler},
  booktitle = {PODC},
  volume = {1},
  pages = {13},
  year = {2001}
}

@inproceedings{lee2015implementing,
  title = {Implementing linearizability at large scale and low latency},
  author = {Lee, Collin and Park, Seo Jin and Kejriwal, Ankita and Matsushita, Satoshi and Ousterhout, John},
  booktitle = {Proceedings of the 25th Symposium on Operating Systems Principles},
  pages = {71--86},
  year = {2015},
  organization = {ACM}
}

@inproceedings{li2016just,
  title = {Just Say {NO} to Paxos Overhead: Replacing Consensus with Network Ordering},
  author = {Li, Jialin and Michael, Ellis and Sharma, Naveen Kr and Szekeres, Adriana and Ports, Dan RK},
  booktitle = {12th USENIX Symposium on Operating Systems Design and Implementation (OSDI 16)},
  pages = {467--483},
  year = {2016}
}

@article{liskov2012viewstamped,
  title = {Viewstamped replication revisited},
  author = {Liskov, Barbara and Cowling, James},
  year = {2012}
}

@inproceedings{lorch2006smart,
  title = {The SMART way to migrate replicated stateful services},
  author = {Lorch, Jacob R and Adya, Atul and Bolosky, William J and Chaiken, Ronnie and Douceur, John R and Howell, Jon},
  booktitle = {Proceedings of the 1st ACM SIGOPS/EuroSys European Conference on Computer Systems 2006},
  pages = {103--115},
  year = {2006}
}

@inproceedings{losa2016brief,
  title = {Brief announcement: A family of leaderless generalized-consensus algorithms},
  author = {Losa, Giuliano and Peluso, Sebastiano and Ravindran, Binoy},
  booktitle = {Proceedings of the 2016 ACM Symposium on Principles of Distributed Computing},
  pages = {345--347},
  year = {2016},
  organization = {ACM}
}

@inproceedings{mao2008mencius,
  title = {Mencius: building efficient replicated state machines for WANs},
  author = {Mao, Yanhua and Junqueira, Flavio P and Marzullo, Keith},
  booktitle = {8th {USENIX} Symposium on Operating Systems Design and Implementation ({OSDI} 08)},
  pages = {369--384},
  year = {2008}
}

@inproceedings{marandi2010ring,
  title = {Ring Paxos: A high-throughput atomic broadcast protocol},
  author = {Marandi, Parisa Jalili and Primi, Marco and Schiper, Nicolas and Pedone, Fernando},
  booktitle = {2010 IEEE/IFIP International Conference on Dependable Systems \& Networks (DSN)},
  pages = {527--536},
  year = {2010},
  organization = {IEEE}
}

@article{mazieres2007paxos,
  title = {Paxos made practical},
  author = {Mazieres, David},
  journal = {Unpublished manuscript, Jan},
  year = {2007}
}

@InCollection{mazurkiewicz1985semantics,
  title = {Semantics of concurrent systems: a modular fixed-point trace approach},
  author = {Mazurkiewicz, Antoni},
  booktitle = {Advances in Petri Nets 1984},
  pages = {353--375},
  year = {1985},
  publisher = {Springer}
}

@InCollection{mazurkiewicz1995introduction,
  title = {Introduction to trace theory},
  author = {Mazurkiewicz, Antoni},
  booktitle = {The Book of Traces},
  pages = {3--41},
  year = {1995},
  publisher = {World Scientific}
}

@TechReport{moraru2013proof,
  title = {A proof of correctness for Egalitarian Paxos},
  author = {Moraru, Iulian and Andersen, David G and Kaminsky, Michael},
  year = {2013},
  institution = {Technical report, Parallel Data Laboratory, Carnegie Mellon University}
}

@TechReport{moraru2013proof,
  title = {A proof of correctness for Egalitarian Paxos},
  author = {Moraru, Iulian and Andersen, David G and Kaminsky, Michael},
  year = {2013},
  institution = {Technical report, Parallel Data Laboratory, Carnegie Mellon University}
}

@inproceedings{moraru2013there,
  title = {There is more consensus in egalitarian parliaments},
  author = {Moraru, Iulian and Andersen, David G and Kaminsky, Michael},
  booktitle = {Proceedings of the Twenty-Fourth ACM Symposium on Operating Systems Principles},
  pages = {358--372},
  year = {2013}
}

@inproceedings{moraru2013there,
  title = {There is more consensus in egalitarian parliaments},
  author = {Moraru, Iulian and Andersen, David G and Kaminsky, Michael},
  booktitle = {Proceedings of the Twenty-Fourth ACM Symposium on Operating Systems Principles},
  pages = {358--372},
  year = {2013},
  organization = {ACM}
}

@inproceedings{mu2016consolidating,
  title = {Consolidating concurrency control and consensus for commits under conflicts},
  author = {Mu, Shuai and Nelson, Lamont and Lloyd, Wyatt and Li, Jinyang},
  booktitle = {12th {USENIX} Symposium on Operating Systems Design and Implementation ({OSDI} 16)},
  pages = {517--532},
  year = {2016}
}

@inproceedings{mu2016consolidating,
  title = {Consolidating concurrency control and consensus for commits under conflicts},
  author = {Mu, Shuai and Nelson, Lamont and Lloyd, Wyatt and Li, Jinyang},
  booktitle = {12th USENIX Symposium on Operating Systems Design and Implementation (OSDI 16)},
  pages = {517--532},
  year = {2016}
}

@inproceedings{nawab2018dpaxos,
  title = {Dpaxos: Managing data closer to users for low-latency and mobile applications},
  author = {Nawab, Faisal and Agrawal, Divyakant and El Abbadi, Amr},
  booktitle = {Proceedings of the 2018 International Conference on Management of Data},
  pages = {1221--1236},
  year = {2018},
  organization = {ACM}
}

@misc{neo4j2019website,
  title = {Neo4j Enterprise Cluster Basics},
  howpublished = {\url{https://www.graphgrid.com/neo4j-enterprise-cluster-basics/}},
  note = {Accessed: 2019-10-21}
}

@PhDThesis{ongaro2014consensus,
  title = {Consensus: Bridging theory and practice},
  author = {Ongaro, Diego},
  year = {2014},
  school = {Stanford University}
}

@inproceedings{ongaro2014search,
  title = {In search of an understandable consensus algorithm.},
  author = {Ongaro, Diego and Ousterhout, John K},
  booktitle = {USENIX Annual Technical Conference},
  pages = {305--319},
  year = {2014}
}

@misc{ongaro2020bug,
  author = {Diego Ongaro},
  title = {Bug in single-server membership changes},
  howpublished = {\url{https://groups.google.com/forum/#!msg/raft-dev/t4xj6dJTP6E/d2D9LrWRza8J}},
  note = {accessed: 2020-03-01}
}

@inproceedings{park2019exploiting,
  title = {Exploiting commutativity for practical fast replication},
  author = {Park, Seo Jin and Ousterhout, John},
  booktitle = {16th USENIX Symposium on Networked Systems Design and Implementation (NSDI 19)},
  pages = {47--64},
  year = {2019}
}

@inproceedings{peluso2016making,
  title = {Making fast consensus generally faster},
  author = {Peluso, Sebastiano and Turcu, Alexandru and Palmieri, Roberto and Losa, Giuliano and Ravindran, Binoy},
  booktitle = {2016 46th Annual IEEE/IFIP International Conference on Dependable Systems and Networks (DSN)},
  pages = {156--167},
  year = {2016},
  organization = {IEEE}
}

@inproceedings{ports2015designing,
  title = {Designing distributed systems using approximate synchrony in data center networks},
  author = {Ports, Dan RK and Li, Jialin and Liu, Vincent and Sharma, Naveen Kr and Krishnamurthy, Arvind},
  booktitle = {12th {USENIX} Symposium on Networked Systems Design and Implementation ({NSDI} 15)},
  pages = {43--57},
  year = {2015}
}

@inproceedings{ports2015designing,
  title = {Designing Distributed Systems Using Approximate Synchrony in Data Center Networks.},
  author = {Ports, Dan RK and Li, Jialin and Liu, Vincent and Sharma, Naveen Kr and Krishnamurthy, Arvind},
  booktitle = {NSDI},
  pages = {43--57},
  year = {2015}
}

@misc{replicant2019website,
  title = {Replicant: Replicated State Machines Made Easy},
  howpublished = {\url{https://hackingdistributed.com/2013/12/26/introducing-replicant/}},
  note = {Accessed: 2019-10-21}
}

@inproceedings{rizvi2017canopus,
  title = {Canopus: A scalable and massively parallel consensus protocol},
  author = {Rizvi, Sajjad and Wong, Bernard and Keshav, Srinivasan},
  booktitle = {Proceedings of the 13th International Conference on emerging Networking EXperiments and Technologies},
  pages = {426--438},
  year = {2017}
}

@article{rystsov2018caspaxos,
  title = {CASPaxos: Replicated State Machines without logs},
  author = {Rystsov, Denis},
  journal = {arXiv preprint arXiv:1802.07000},
  year = {2018}
}

@article{rystsov2018caspaxos,
  title = {CASPaxos: Replicated State Machines without logs},
  author = {Rystsov, Denis},
  journal = {arXiv preprint arXiv:1802.07000},
  year = {2018}
}

@inproceedings{santos2012tuning,
  title = {Tuning paxos for high-throughput with batching and pipelining},
  author = {Santos, Nuno and Schiper, Andr{\'e}},
  booktitle = {International Conference on Distributed Computing and Networking},
  pages = {153--167},
  year = {2012},
  organization = {Springer}
}

@inproceedings{santos2013achieving,
  title = {Achieving high-throughput state machine replication in multi-core systems},
  author = {Santos, Nuno and Schiper, Andr{\'e}},
  booktitle = {2013 IEEE 33rd International Conference on Distributed Computing Systems},
  pages = {266--275},
  year = {2013},
  organization = {Ieee}
}

@article{santos2013optimizing,
  title = {Optimizing Paxos with batching and pipelining},
  author = {Santos, Nuno and Schiper, Andr{\'e}},
  journal = {Theoretical Computer Science},
  volume = {496},
  pages = {170--183},
  year = {2013},
  publisher = {Elsevier}
}

@inproceedings{stonebraker2005one,
  title = {``One size fits all'': an idea whose time has come and gone},
  author = {Stonebraker, Michael and Cetintemel, Ugur},
  booktitle = {21st International Conference on Data Engineering (ICDE'05)},
  pages = {2--11},
  year = {2005},
  organization = {IEEE}
}

@inproceedings{sutra2011fast,
  title = {Fast genuine generalized consensus},
  author = {Sutra, Pierre and Shapiro, Marc},
  booktitle = {Reliable Distributed Systems (SRDS), 2011 30th IEEE Symposium on},
  pages = {255--264},
  year = {2011},
  organization = {IEEE}
}

@inproceedings{szekeres20meerkat,
  title = {Meerkat: Multicore-Scalable Replicated Transactions Following the Zero-Coordination Principle},
  author = {Szekeres, Adriana and Whittaker, Michael and Li, Jialin and Sharma Naveen and Krishnamurthy, Arvind and Ports, Dan and Zhang, Irene},
  booktitle = {Proceedings of the Fourteenth EuroSys Conference 2020},
  year = {2020}
}

@inproceedings{terrace2009object,
  title = {Object Storage on CRAQ: High-Throughput Chain Replication for Read-Mostly Workloads.},
  author = {Terrace, Jeff and Freedman, Michael J},
  booktitle = {USENIX Annual Technical Conference},
  pages = {11--11},
  year = {2009},
  organization = {San Diego, CA}
}

@inproceedings{thomson2012calvin,
  title = {Calvin: fast distributed transactions for partitioned database systems},
  author = {Thomson, Alexander and Diamond, Thaddeus and Weng, Shu-Chun and Ren, Kun and Shao, Philip and Abadi, Daniel J},
  booktitle = {Proceedings of the 2012 ACM SIGMOD International Conference on Management of Data},
  pages = {1--12},
  year = {2012},
  organization = {ACM}
}

@misc{tidb2019website,
  title = {A Brief Introduction of TiDB},
  howpublished = {\url{https://pingcap.github.io/blog/2017-05-23-perconalive17/}},
  note = {Accessed: 2019-10-21}
}

@inproceedings{van2004chain,
  author = {van Renesse, Robbert and Schneider, Fred B.},
  title = {Chain Replication for Supporting High Throughput and Availability},
  year = {2004},
  publisher = {USENIX Association},
  address = {USA},
  booktitle = {Proceedings of the 6th Conference on Symposium on Operating Systems Design \& Implementation - Volume 6},
  pages = {7},
  numpages = {1},
  location = {San Francisco, CA},
  series = {OSDI’04}
}

@article{van2015paxos,
  title = {Paxos made moderately complex},
  author = {Van Renesse, Robbert and Altinbuken, Deniz},
  journal = {ACM Computing Surveys (CSUR)},
  volume = {47},
  number = {3},
  pages = {1--36},
  year = {2015},
  publisher = {ACM New York, NY, USA}
}

@inproceedings{verma2015large,
  title = {Large-scale cluster management at Google with Borg},
  author = {Verma, Abhishek and Pedrosa, Luis and Korupolu, Madhukar and Oppenheimer, David and Tune, Eric and Wilkes, John},
  booktitle = {Proceedings of the Tenth European Conference on Computer Systems},
  pages = {1--17},
  year = {2015}
}

@article{vukolic2013origin,
  title = {The origin of quorum systems},
  author = {Vukoli{\'c}, Marko and others},
  journal = {Bulletin of EATCS},
  volume = {2},
  number = {101},
  year = {2013}
}

@article{vukolic2013origin,
  title = {The origin of quorum systems},
  author = {Vukoli{\'c}, Marko and others},
  journal = {Bulletin of EATCS},
  volume = {2},
  number = {101},
  year = {2013}
}

@inproceedings{welsh2001seda,
  title = {SEDA: an architecture for well-conditioned, scalable internet services},
  author = {Welsh, Matt and Culler, David and Brewer, Eric},
  booktitle = {ACM SIGOPS Operating Systems Review},
  volume = {35},
  number = {5},
  pages = {230--243},
  year = {2001},
  organization = {ACM}
}

@misc{whittaker2019bipartisan,
  author = {Whittaker, Michael and Giridharan, Neil and Szekeres, Adriana and Hellerstein, Joseph M. and Stoica, Ion},
  title = {Bipartisan Paxos: A Modular State Machine Replication Protocol},
  howpublished = {\url{https://mwhittaker.github.io/publications/compartmentalized_bipartisan_paxos.pdf}}

}

@misc{whittaker2020compartmentalized,
  author = {Whittaker, Michael and Giridharan, Neil and Szekeres, Adriana and Hellerstein, Joseph M. and Stoica, Ion},
  title = {Compartmentalized Consensus: Agreeing With High Throughput},
  howpublished = {\url{https://mwhittaker.github.io/publications/compartmentalized_consensus.pdf}}

}

@misc{whittaker2020matchmaker,
  author = {Whittaker, Michael and Giridharan, Neil and Szekeres, Adriana and Hellerstein, Joseph M. and Howard, Heidi and Nawab, Faisal and Stoica, Ion},
  title = {Matchmaker Paxos: A Reconfigurable Consensus Protocol [Technical Report]},
  howpublished = {\url{https://mwhittaker.github.io/publications/matchmaker_paxos_tr.pdf}}

}

@inproceedings{wu2018bolt,
  title = {Bolt-On Global Consistency for the Cloud.},
  author = {Wu, Zhe and Wijaya, Edward and Uluyol, Muhammed and Madhyastha, Harsha V},
  booktitle = {SoCC},
  pages = {55--67},
  year = {2018}
}

@misc{yugabyte2019website,
  title = {Raft Replication in YugaByte DB},
  howpublished = {\url{https://www.yugabyte.com/resources/raft-replication-in-yugabyte-db/}},
  note = {Accessed: 2019-10-21}
}

@article{zhang2018building,
  title = {Building consistent transactions with inconsistent replication},
  author = {Zhang, Irene and Sharma, Naveen Kr and Szekeres, Adriana and Krishnamurthy, Arvind and Ports, Dan RK},
  journal = {ACM Transactions on Computer Systems (TOCS)},
  volume = {35},
  number = {4},
  pages = {1--37},
  year = {2018},
  publisher = {ACM New York, NY, USA}
}

@article{zhang2018building,
  title = {Building consistent transactions with inconsistent replication},
  author = {Zhang, Irene and Sharma, Naveen Kr and Szekeres, Adriana and Krishnamurthy, Arvind and Ports, Dan RK},
  journal = {ACM Transactions on Computer Systems (TOCS)},
  volume = {35},
  number = {4},
  pages = {12},
  year = {2018},
  publisher = {ACM}
}

@inproceedings{zhao2018sdpaxos,
  title = {SDPaxos: Building Efficient Semi-Decentralized Geo-replicated State Machines.},
  author = {Zhao, Hanyu and Zhang, Quanlu and Yang, Zhi and Wu, Ming and Dai, Yafei},
  booktitle = {SoCC},
  pages = {68--81},
  year = {2018}
}

@article{zhu2019harmonia,
  title = {Harmonia: Near-linear scalability for replicated storage with in-network conflict detection},
  author = {Zhu, Hang and Bai, Zhihao and Li, Jialin and Michael, Ellis and Ports, Dan RK and Stoica, Ion and Jin, Xin},
  journal = {Proceedings of the VLDB Endowment},
  volume = {13},
  number = {3},
  pages = {376--389},
  year = {2019},
  publisher = {VLDB Endowment}
}
